<record><leader>00000cas a22000007a 4500</leader><controlfield tag="001">16239766</controlfield><controlfield tag="008">870720d18241824inuwr ne      0    0eng d</controlfield><datafield ind1=" " ind2=" " tag="010"><subfield code="a">sn 87056412 </subfield></datafield><datafield ind1=" " ind2=" " tag="040"><subfield code="a">NPI</subfield><subfield code="b">eng</subfield><subfield code="c">NPI</subfield><subfield code="d">OCLCQ</subfield></datafield><datafield ind1=" " ind2=" " tag="042"><subfield code="a">msc</subfield></datafield><datafield ind1="0" ind2="0" tag="245"><subfield code="a">Western censor.</subfield></datafield><datafield ind1=" " ind2=" " tag="260"><subfield code="a">Indianapolis, Ind. :</subfield><subfield code="b">H. Gregg &amp; D. Maguire,</subfield><subfield code="c">1824.</subfield></datafield><datafield ind1=" " ind2=" " tag="310"><subfield code="a">Weekly</subfield></datafield><datafield ind1="0" ind2=" " tag="362"><subfield code="a">Vol. 2, no. 66 (July 20, 1824)-v. 2, no. 87 (Dec. 28, 1824).</subfield></datafield><datafield ind1=" " ind2=" " tag="752"><subfield code="a">United States</subfield><subfield code="b">Indiana</subfield><subfield code="c">Marion</subfield><subfield code="d">Indianapolis.</subfield></datafield><datafield ind1="0" ind2="0" tag="780"><subfield code="t">Western censor, &amp; emigrants guide</subfield><subfield code="w">(DLC)sn 87056411</subfield></datafield><datafield ind1="0" ind2="0" tag="785"><subfield code="t">Indiana journal (Indianapolis, Ind. : 1825)</subfield><subfield code="w">(DLC)sn 82015474</subfield></datafield></record>